<?xml version="1.0" encoding="UTF-8" ?>
<collection xmlns:xsi="http://www.w3.org/2001/XMLSchema-instance"
    xsi:schemaLocation="http://www.loc.gov/MARC21/slim
        http://www.loc.gov/standards/marcxml/schema/MARC21slim.xsd"
    xmlns="http://www.loc.gov/MARC21/slim">
<record>
  <leader>00277cam a2200541 i 4500</leader>
  <controlfield tag="001">b12761965</controlfield>
  <controlfield tag="003">LeBAU</controlfield>
  <controlfield tag="005">20170804</controlfield>
  <controlfield tag="008">971108s1936    ua            ||0 0 ara d</controlfield>
  <datafield tag="035" ind1=" " ind2=" ">
    <subfield code="a">ocn784505973</subfield>
  </datafield>
  <datafield tag="040" ind1=" " ind2=" ">
    <subfield code="a">LEAUB</subfield>
    <subfield code="b">ara</subfield>
    <subfield code="e">rda</subfield>
    <subfield code="c">LEAUB</subfield>
    <subfield code="d">LEAUB</subfield>
  </datafield>
  <datafield tag="041" ind1="1" ind2=" ">
    <subfield code="a">ara</subfield>
    <subfield code="h">ger</subfield>
  </datafield>
  <datafield tag="082" ind1="0" ind2="4">
    <subfield code="a">838</subfield>
    <subfield code="2">22</subfield>
  </datafield>
  <datafield tag="100" ind1="1" ind2=" ">
    <subfield code="6">880-01</subfield>
    <subfield code="a">Goethe, Johann Wolfgang von,</subfield>
    <subfield code="d">1749-1832,</subfield>
    <subfield code="e">author.</subfield>
  </datafield>
  <datafield tag="240" ind1="1" ind2="0">
    <subfield code="a">Faust.</subfield>
    <subfield code="l">Arabic</subfield>
  </datafield>
  <datafield tag="245" ind1="1" ind2="0">
    <subfield code="6">880-02</subfield>
    <subfield code="a">Fāwst /</subfield>
    <subfield code="c">li-shā‘ir Almāniyā al-kabīr Ghuttīh ; naqalhu ‘an al-Almānīyah Muḥammad ‘Awaḍ Muḥammad, al-ustādh al-musā‘id bi-Kullīyat al-Ādāb bi-al-Jāmi‘ah al-Miṣrīyah.</subfield>
  </datafield>
  <datafield tag="264" ind1=" " ind2="1">
    <subfield code="6">880-03</subfield>
    <subfield code="a">Miṣr :</subfield>
    <subfield code="b">Lajnat al-Ta’līf wa-al-Tarjamah wa-al-Nashr,</subfield>
    <subfield code="c">1348 [H.] = 1929 [M.]</subfield>
  </datafield>
  <datafield tag="300" ind1=" " ind2=" ">
    <subfield code="6">880-04</subfield>
    <subfield code="a">w-ṣ, 208 pages ;</subfield>
    <subfield code="c">23 cm</subfield>
  </datafield>
  <datafield tag="336" ind1=" " ind2=" ">
    <subfield code="a">text</subfield>
    <subfield code="b">txt</subfield>
    <subfield code="2">rdacontent</subfield>
  </datafield>
  <datafield tag="337" ind1=" " ind2=" ">
    <subfield code="a">unmediated</subfield>
    <subfield code="b">n</subfield>
    <subfield code="2">rdamedia</subfield>
  </datafield>
  <datafield tag="338" ind1=" " ind2=" ">
    <subfield code="a">volume</subfield>
    <subfield code="b">nc</subfield>
    <subfield code="2">rdacarrier</subfield>
  </datafield>
  <datafield tag="650" ind1=" " ind2="4">
    <subfield code="a">المسرحية الألمانية</subfield>
    <subfield code="v">ترجمات الى العربية.</subfield>
  </datafield>
  <datafield tag="650" ind1=" " ind2="0">
    <subfield code="a">German drama</subfield>
    <subfield code="v">Translations into Arabic.</subfield>
  </datafield>
  <datafield tag="655" ind1=" " ind2="4">
    <subfield code="a">مسرحية.</subfield>
  </datafield>
  <datafield tag="655" ind1=" " ind2="0">
    <subfield code="a">Drama.</subfield>
  </datafield>
  <datafield tag="700" ind1="1" ind2=" ">
    <subfield code="6">880-05</subfield>
    <subfield code="a">Muḥammad, Muḥammad ʻAwaḍ,</subfield>
    <subfield code="e">translator.</subfield>
  </datafield>
  <datafield tag="765" ind1="0" ind2=" ">
    <subfield code="6">880-06</subfield>
    <subfield code="i">Translation of:</subfield>
    <subfield code="t">Faust : a tragedy</subfield>
    <subfield code="d">London : Frederick Warne and Co., 1887</subfield>
    <subfield code="w">(OCoLC)229916110</subfield>
    <subfield code="w">(OCoLC)229916110</subfield>
  </datafield>
  <datafield tag="765" ind1="0" ind2=" ">
    <subfield code="6">880-07</subfield>
    <subfield code="i">Translation of:</subfield>
    <subfield code="t">[Faust]</subfield>
    <subfield code="d">Antilias : Tparan Katoghikosutean Hayots Kilikioh, 1970</subfield>
    <subfield code="w">(OCoLC)785100553</subfield>
    <subfield code="w">(OCoLC)785100553</subfield>
  </datafield>
  <datafield tag="765" ind1="0" ind2=" ">
    <subfield code="6">880-08</subfield>
    <subfield code="i">Translation of:</subfield>
    <subfield code="t">Faust</subfield>
    <subfield code="d">New York : Modern Library, c1912</subfield>
    <subfield code="w">(OCoLC)07629958</subfield>
    <subfield code="w">(OCoLC)07629958</subfield>
  </datafield>
  <datafield tag="765" ind1="0" ind2=" ">
    <subfield code="6">880-09</subfield>
    <subfield code="i">Translation of:</subfield>
    <subfield code="t">Faust. Part II</subfield>
    <subfield code="d">Indianapolis : Bobbs Merrill, [1964]</subfield>
    <subfield code="w">(OCoLC)02126976</subfield>
    <subfield code="w">(OCoLC)02126976</subfield>
  </datafield>
  <datafield tag="765" ind1="0" ind2=" ">
    <subfield code="6">880-10</subfield>
    <subfield code="i">Translation of:</subfield>
    <subfield code="t">Faust, part one [&amp; part two.]</subfield>
    <subfield code="d">Baltimore MD : Penguin Books,</subfield>
    <subfield code="c">[1949-1959]</subfield>
    <subfield code="w">(OCoLC786374904</subfield>
    <subfield code="w">(OCoLC786374904</subfield>
  </datafield>
  <datafield tag="765" ind1="0" ind2=" ">
    <subfield code="6">880-11</subfield>
    <subfield code="i">Translation of:</subfield>
    <subfield code="t">Faust, part one &amp; part two</subfield>
    <subfield code="d">Indianapolis : Bobbs Merrill, c1965</subfield>
    <subfield code="w">(OCoLC)02796114</subfield>
    <subfield code="w">(OCoLC)02796114</subfield>
  </datafield>
  <datafield tag="852" ind1=" " ind2=" ">
    <subfield code="a">Jafet Archives and Special Collections</subfield>
    <subfield code="e">American University of Beirut, Bliss Street , Beirut, Lebanon.</subfield>
  </datafield>
  <datafield tag="880" ind1="1" ind2=" ">
    <subfield code="6">100-01/(3/r</subfield>
    <subfield code="a">غوتيه، يوهان فولفغانغ فون،</subfield>
    <subfield code="d">1749-1832،</subfield>
    <subfield code="e">مؤلف. </subfield>
    <subfield code="4">aut.</subfield>
  </datafield>
  <datafield tag="880" ind1="1" ind2="0">
    <subfield code="6">245-02/(3/r</subfield>
    <subfield code="a">فاوست /</subfield>
    <subfield code="c">لشاعر ألمانيا الكبير غوتيه GOETHE ؛ نقله عن الألمانية محمد عوض محمد، الأستاذ المساعد بكلية الآداب بالجامعة المصرية.</subfield>
  </datafield>
  <datafield tag="880" ind1=" " ind2="1">
    <subfield code="6">264-03/(3/r</subfield>
    <subfield code="a">مصر :</subfield>
    <subfield code="b">لجنة التأليف والترجمة والنشر،</subfield>
    <subfield code="c">1348 [هـ.] = 1929 [م.]</subfield>
  </datafield>
  <datafield tag="880" ind1=" " ind2=" ">
    <subfield code="6">300-04/(3/r</subfield>
    <subfield code="a">و-ص، 208 صفحات ؛</subfield>
    <subfield code="c">23 سم</subfield>
  </datafield>
  <datafield tag="880" ind1="1" ind2=" ">
    <subfield code="6">700-05/(3/r</subfield>
    <subfield code="a">محمد، محمد عوض،</subfield>
    <subfield code="e">مترجم. </subfield>
    <subfield code="4">trl.</subfield>
  </datafield>
  <datafield tag="880" ind1="0" ind2=" ">
    <subfield code="6">765-06/(3/r</subfield>
    <subfield code="i">ترجمة كتاب:</subfield>
    <subfield code="t">Faust : a tragedy</subfield>
    <subfield code="d">London : Frederick Warne and Co., 1887</subfield>
    <subfield code="w">b10604674</subfield>
    <subfield code="w">(OCoLC)229916110</subfield>
  </datafield>
  <datafield tag="880" ind1="0" ind2=" ">
    <subfield code="6">765-07/(3/r</subfield>
    <subfield code="i">ترجمة كتاب:</subfield>
    <subfield code="t">[Faust]</subfield>
    <subfield code="d">Antilias : Tparan Katoghikosutean Hayots Kilikioh, 1970</subfield>
    <subfield code="w">b10604662</subfield>
    <subfield code="w">(OCoLC)785100553</subfield>
  </datafield>
  <datafield tag="880" ind1="0" ind2=" ">
    <subfield code="6">765-08/(3/r</subfield>
    <subfield code="i">ترجمة كتاب:</subfield>
    <subfield code="t">Faust</subfield>
    <subfield code="d">New York : Modern Library, c1912</subfield>
    <subfield code="w">b11636920</subfield>
    <subfield code="w">(OCoLC)07629958</subfield>
  </datafield>
  <datafield tag="880" ind1="0" ind2=" ">
    <subfield code="6">765-09/(3/r</subfield>
    <subfield code="i">ترجمة كتاب:</subfield>
    <subfield code="t">Faust. Part II</subfield>
    <subfield code="d">Indianapolis : Bobbs Merrill, [1964]</subfield>
    <subfield code="w">b11636919</subfield>
    <subfield code="w">(OCoLC)02126976</subfield>
  </datafield>
  <datafield tag="880" ind1="0" ind2=" ">
    <subfield code="6">765-10/(3/r</subfield>
    <subfield code="i">ترجمة كتاب:</subfield>
    <subfield code="t">Faust, part one [&amp; part two.]</subfield>
    <subfield code="d">Baltimore MD : Penguin Books,</subfield>
    <subfield code="c">[1949-1959]</subfield>
    <subfield code="w">b11636907</subfield>
    <subfield code="w">(OCoLC786374904</subfield>
  </datafield>
  <datafield tag="880" ind1="0" ind2=" ">
    <subfield code="6">765-11/(3/r</subfield>
    <subfield code="i">ترجمة كتاب:</subfield>
    <subfield code="t">Faust, part one &amp; part two</subfield>
    <subfield code="d">Indianapolis : Bobbs Merrill, c1965</subfield>
    <subfield code="w">b13645286</subfield>
    <subfield code="w">(OCoLC)02796114</subfield>
  </datafield>
  <datafield tag="907" ind1=" " ind2=" ">
    <subfield code="a">.b12761965</subfield>
    <subfield code="b">17-08-11</subfield>
    <subfield code="c">11-05-24</subfield>
  </datafield>
  <datafield tag="907" ind1=" " ind2=" ">
    <subfield code="a">.b12761965</subfield>
    <subfield code="b">15-10-15</subfield>
    <subfield code="c">11-05-24</subfield>
  </datafield>
  <datafield tag="945" ind1=" " ind2=" ">
    <subfield code="f">CA</subfield>
    <subfield code="a">838:G599fA:c.1</subfield>
    <subfield code="i">01064553</subfield>
    <subfield code="j">.i13337191</subfield>
    <subfield code="l">u0304</subfield>
  </datafield>
  <datafield tag="998" ind1=" " ind2=" ">
    <subfield code="a">u03</subfield>
    <subfield code="b">97-11-08</subfield>
    <subfield code="c">m</subfield>
    <subfield code="d">a</subfield>
    <subfield code="e">-</subfield>
    <subfield code="f">ara</subfield>
    <subfield code="g">ua </subfield>
    <subfield code="h">0</subfield>
    <subfield code="i">1</subfield>
  </datafield>
</record>
</collection>
